<collection xmlns="http://www.loc.gov/MARC21/slim">
<record>
  <leader>01211nam0a22002411i 450 </leader>
  <controlfield tag="001">IT\ICCU\CNCE\074514</controlfield>
  <controlfield tag="005">20090911000000.0</controlfield>
  <datafield tag="012" ind1=" " ind2=" ">
    <subfield code="a">uaiu i-us rii- vlti (3) 1562 (R)</subfield>
    <subfield code="2">fei</subfield>
  </datafield>
  <datafield tag="100" ind1=" " ind2=" ">
    <subfield code="a">20090902d1562        0itac0103    ba</subfield>
  </datafield>
  <datafield tag="101" ind1=" " ind2=" ">
    <subfield code="a">LAT</subfield>
  </datafield>
  <datafield tag="102" ind1=" " ind2=" ">
    <subfield code="a">IT</subfield>
  </datafield>
  <datafield tag="200" ind1="1" ind2=" ">
    <subfield code="a">℗Andreae Tiraquelli ... ℗Commentariorum de vtroque retractu, et municipali, et conuentionali</subfield>
  </datafield>
  <datafield tag="205" ind1=" " ind2=" ">
    <subfield code="a">Editio quarta, cum eiusdem multis additionibus &amp; castigationibus ...</subfield>
  </datafield>
  <datafield tag="210" ind1=" " ind2=" ">
    <subfield code="a">Venetiis</subfield>
    <subfield code="c">\al Segno della Fontana!</subfield>
    <subfield code="d">1562 (\Venezia</subfield>
    <subfield code="c">al Segno della Fontana!</subfield>
  </datafield>
  <datafield tag="215" ind1=" " ind2=" ">
    <subfield code="a">\58!, 395, \1! c.</subfield>
    <subfield code="d">4o</subfield>
  </datafield>
  <datafield tag="300" ind1=" " ind2=" ">
    <subfield code="a">ANNULLATA !!!!!  vedi 49222Rif.: Edit16. -  Marca (Z559) sul front. e marca (U20) in fine. -  Cors. ; rom. -  Segn.: a-f8 g10 A-3C8 3D4. -  Ultima c. bianca. -  Fregi e iniziali xilogr</subfield>
  </datafield>
  <datafield tag="620" ind1=" " ind2=" ">
    <subfield code="a">IT</subfield>
    <subfield code="d">Venezia</subfield>
  </datafield>
  <datafield tag="700" ind1=" " ind2="1">
    <subfield code="a">Tiraqueau,</subfield>
    <subfield code="b"></subfield>
    <subfield code="3">IT\ICCU\CNCA\006740</subfield>
  </datafield>
  <datafield tag="712" ind1="0" ind2="2">
    <subfield code="a">℗al segno della ℗Fontana</subfield>
    <subfield code="3">IT\ICCU\CNCT\000186</subfield>
    <subfield code="4">650</subfield>
  </datafield>
  <datafield tag="790" ind1=" " ind2="1">
    <subfield code="a">Tiraquello,</subfield>
    <subfield code="b">Andrea</subfield>
    <subfield code="3">IT\ICCU\CNCA\017802</subfield>
    <subfield code="z"></subfield>
  </datafield>
  <datafield tag="790" ind1=" " ind2="1">
    <subfield code="a">Tiraquellus,</subfield>
    <subfield code="b">Andreas</subfield>
    <subfield code="3">IT\ICCU\CNCA\024906</subfield>
    <subfield code="z"></subfield>
  </datafield>
  <datafield tag="801" ind1=" " ind2="3">
    <subfield code="a">IT</subfield>
    <subfield code="b">ICCU</subfield>
    <subfield code="c">20201115</subfield>
  </datafield>
  <datafield tag="899" ind1=" " ind2=" ">
    <subfield code="a">Biblioteca delle Collezioni d&apos;arte e di storia San Giorgio in Poggiale. Bologna</subfield>
    <subfield code="1">BO0376</subfield>
    <subfield code="2">UBO PG</subfield>
  </datafield>
</record>
</collection>
